@article{Attiyeh1997TestingFB,
  title={Testing for Bias in Graduate School Admissions},
  author={Gregory Attiyeh and Richard E. Attiyeh},
  journal={Journal of Human Resources},
  year={1997},
  volume={32},
  pages={524-548}
}

@article{pathtoeconphd,
author = {Schlauch, Garrison and Startz, Richard},
year = {2017},
month = {01},
pages = {},
title = {The Path to an Economics PhD},
volume = {38},
journal = {SSRN Electronic Journal},
doi = {10.2139/ssrn.2991195}
}

@article{stock2014,
author = {Stock, Wendy and Siegfried, John},
year = {2014},
month = {10},
pages = {},
title = {Fifteen Years of Research on Graduate Education in Economics: What Have we Learned?},
volume = {45},
journal = {The Journal of Economic Education},
doi = {10.1080/00220485.2014.942410}
}

@article{stock2007,
    author = "John J. Siegfried and Wendy A. Stock",
    title = "The Undergraduate Origins of PhD Economists",
    journal = "The Journal of Economic Education",
    volume = "38",
    number = "4",
    pages = "461-482",
    year = "2007",  
    doi = {10.3200/JECE.38.4.461-482}
}

@article{jones2020,
author = {Jones, Adam and Schuhmann, Peter and Soques, Daniel and Witman, Allison},
year = {2020},
month = {03},
pages = {1-14},
title = {So you want to go to graduate school? Factors that influence admissions to economics PhD programs},
volume = {51},
journal = {The Journal of Economic Education},
doi = {10.1080/00220485.2020.1731385}
}


@article{stock2011,
Author = {Stock, Wendy A. and Siegfried, John J. and Finegan, T. Aldrich},
Title = {Completion Rates and Time-to-Degree in Economics PhD Programs (with comments by David Colander, N. Gregory Mankiw, Melissa P. McInerney, James M. Poterba)},
Journal = {American Economic Review},
Volume = {101},
Number = {3},
Year = {2011},
Month = {May},
Pages = {176-88},
DOI = {10.1257/aer.101.3.176},
URL = {https://www.aeaweb.org/articles?id=10.1257/aer.101.3.176}}


@article{wu2007,
author = {Wu, Stephen and Grove, Wayne},
year = {2007},
month = {02},
pages = {506-511},
title = {The Search for Economics Talent: Doctoral Completion and Research Productivity},
volume = {97},
journal = {American Economic Review},
doi = {10.1257/aer.97.2.506}
}
@article{wu2000,
author = {Krueger, Alan and Wu, Stephen},
year = {2000},
month = {01},
pages = {81-94},
title = {Forecasting Job Placement of Economics Graduate Students},
volume = {31},
journal = {Journal of Economic Education},
doi = {10.2307/1183344}
}


@article{Ehrenberg1995,
author = {Ehrenberg, Ronald and Mavros, Panagiotis},
year = {1995},
month = {09},
pages = {},
title = {Do Doctoral Students' Financial Support Patterns Affect Their Times-To-Degree and Completion Probabilities},
volume = {30},
journal = {The Journal of Human Resources},
doi = {10.2307/146036}
}

@article{Milkman2016,
author = {Milkman, Martin and Marjadi, Riza},
year = {2016},
month = {10},
pages = {},
title = {Undergraduate Mathematics Courses Required and Recommended for Admission to Economics PhD Programs in the United States},
volume = {62},
journal = {The American Economist},
doi = {10.1177/0569434516672777}
}

@article{Tuckman1990,
author = {Howard Tuckman and Susan Coyle and Yupin Bae},
year = {1990},
title = { On Time to the Doctorate: A Study of the Increased Time to Complete Doctorates in Science and Engineering},
journal = {National Academy Press: Washington, D.C.}
}




@article{Dutkowsky2007,
author = {Dutkowsky, Donald and Grove, Wayne and Grodner, Andrew},
year = {2007},
month = {10},
pages = {864-871},
title = {Survive Then Thrive: Determinants of Success in the Economics Ph.D. Program},
volume = {45},
journal = {Economic Inquiry},
doi = {10.1111/j.1465-7295.2007.00041.x}
}
@article{letters1980,
  title={The use of reference reports in personnel selection: a review and evaluation},
  author={Paul Muchinsky},
  journal = {Journal of Occupational Psychology},
  year={1979},
  volume = {52},
  number = {4},
  pages = {287-297}
}